{
  "leader": "03621cam a2200457 i 4500",
  "fields": [
    {
      "001": "ocm01614281\\"
    },
    {
      "003": "OCoLC"
    },
    {
      "005": "20221230121945.0"
    },
    {
      "008": "750910s1948\\\\\\\\pauf\\\\\\\\\\b\\\\\\\\000\\0\\eng\\\\"
    },
    {
      "010": {
        "ind1": "\\",
        "ind2": "\\",
        "subfields": [
          {
            "a": "   48011915 "
          }
        ]
      }
    },
    {
      "040": {
        "ind1": "\\",
        "ind2": "\\",
        "subfields": [
          {
            "a": "DLC"
          },
          {
            "b": "eng"
          },
          {
            "e": "rda"
          },
          {
            "c": "FBA"
          },
          {
            "d": "OCL"
          },
          {
            "d": "SER"
          },
          {
            "d": "OCLCQ"
          },
          {
            "d": "LVB"
          },
          {
            "d": "OCLCG"
          },
          {
            "d": "CUY"
          },
          {
            "d": "TEF"
          },
          {
            "d": "UKMGB"
          },
          {
            "d": "OCLCA"
          },
          {
            "d": "MHR"
          },
          {
            "d": "OCLCF"
          },
          {
            "d": "OCLCQ"
          },
          {
            "d": "OCL"
          },
          {
            "d": "OCLCO"
          },
          {
            "d": "PHA"
          },
          {
            "d": "OCLCO"
          },
          {
            "d": "OCLCQ"
          }
        ]
      }
    },
    {
      "016": {
        "ind1": "7",
        "ind2": "\\",
        "subfields": [
          {
            "a": "003274678"
          },
          {
            "2": "Uk"
          }
        ]
      }
    },
    {
      "035": {
        "ind1": "\\",
        "ind2": "\\",
        "subfields": [
          {
            "a": "(OCoLC)1614281"
          }
        ]
      }
    },
    {
      "043": {
        "ind1": "\\",
        "ind2": "\\",
        "subfields": [
          {
            "a": "n-us---"
          },
          {
            "a": "e-fr---"
          }
        ]
      }
    },
    {
      "050": {
        "ind1": "\\",
        "ind2": "4",
        "subfields": [
          {
            "a": "E289"
          },
          {
            "b": ".S34 1948"
          }
        ]
      }
    },
    {
      "082": {
        "ind1": "0",
        "ind2": "4",
        "subfields": [
          {
            "a": "973.36"
          },
          {
            "b": "SCH"
          }
        ]
      }
    },
    {
      "100": {
        "ind1": "1",
        "ind2": "\\",
        "subfields": [
          {
            "a": "Schermerhorn, Frank Earle,"
          },
          {
            "d": "1870-"
          },
          {
            "e": "author."
          }
        ]
      }
    },
    {
      "245": {
        "ind1": "1",
        "ind2": "0",
        "subfields": [
          {
            "a": "American and French flags of the Revolution, 1775-1783 /"
          },
          {
            "c": "by Frank Earle Schmerhorn (former captain of the Color Guard, Pennsylvania Society of Sons of the Revolution)."
          }
        ]
      }
    },
    {
      "264": {
        "ind1": "\\",
        "ind2": "1",
        "subfields": [
          {
            "a": "Philadelphia, Pa. :"
          },
          {
            "b": "Pennsylvania Society of Sons of the Revolution,"
          },
          {
            "c": "1948."
          }
        ]
      }
    },
    {
      "300": {
        "ind1": "\\",
        "ind2": "\\",
        "subfields": [
          {
            "a": "148 pages :"
          },
          {
            "b": "10 color plates ;"
          },
          {
            "c": "26 cm"
          }
        ]
      }
    },
    {
      "336": {
        "ind1": "\\",
        "ind2": "\\",
        "subfields": [
          {
            "a": "text"
          },
          {
            "b": "txt"
          },
          {
            "2": "rdacontent"
          }
        ]
      }
    },
    {
      "336": {
        "ind1": "\\",
        "ind2": "\\",
        "subfields": [
          {
            "a": "still image"
          },
          {
            "b": "sti"
          },
          {
            "2": "rdacontent"
          }
        ]
      }
    },
    {
      "337": {
        "ind1": "\\",
        "ind2": "\\",
        "subfields": [
          {
            "a": "unmediated"
          },
          {
            "b": "n"
          },
          {
            "2": "rdamedia"
          }
        ]
      }
    },
    {
      "338": {
        "ind1": "\\",
        "ind2": "\\",
        "subfields": [
          {
            "a": "volume"
          },
          {
            "b": "nc"
          },
          {
            "2": "rdacarrier"
          }
        ]
      }
    },
    {
      "504": {
        "ind1": "\\",
        "ind2": "\\",
        "subfields": [
          {
            "a": "Includes bibliographical references."
          }
        ]
      }
    },
    {
      "505": {
        "ind1": "0",
        "ind2": "\\",
        "subfields": [
          {
            "a": "pt. 1. Regimental and other American flags of the period of the American Revolutionary War, 1775-1783. The Stars and Stripes -- Continental or Grand Union flag -- Betsy Ross flag (so called) -- General Schuyler's Betsy Ross flag -- Flag of the Bedford Minute men -- Flag of Bunker Hill -- Flag of the Continental Navy -- Pine tree flag -- Flag of floating batteries -- Washington's headquarters flag -- Flag of the commander-in-chief's guard -- Flag of First troop, Philadelphia City Cavalry -- Crescent flag of South Carolina -- Flag of Second South Carolina Regiment -- Bennington flag -- Flag of Green Mountain Boys -- Flag of First Pennsylvania Regiment -- Flag of Eleventh Virginia Regiment -- Flag of Third New York Regiment -- Flag of First Rhode Island Regiment -- Flag of Second Rhode Island Regiment -- Flags of Second New Hampshire Regiment -- Flag of Third Maryland Regiment -- Flag of Second Connecticut Regiment -- Rattlesnake flag -- Flag of Pulaski's Legion -- Flags of the Second Regiment Light Dragoons -- Eutaw Flag of Colonel Washington's Cavalry -- Guilford or North Carolina Militia flag -- Flag of the United Train of Artillery -- White Plains flag -- Franklin flag (so called) -- Naval Privateer flag -- Schuyler flag of Old Congress Hall -- Flag of Hanover Associators -- Flag of Proctor's Independent Battalion -- Flag of Webb's Connecticut Regiment -- pt. 2. French flags of the period of the French Alliance, 1778-1783. Royal flags of Louis XVI of France, 1778-1783 -- Flag of the French Navy -- The French regimental flags -- The Rochambeau headquarters flag."
          }
        ]
      }
    },
    {
      "650": {
        "ind1": "\\",
        "ind2": "0",
        "subfields": [
          {
            "a": "Flags"
          },
          {
            "z": "United States."
          }
        ]
      }
    },
    {
      "650": {
        "ind1": "\\",
        "ind2": "0",
        "subfields": [
          {
            "a": "Flags"
          },
          {
            "z": "France."
          }
        ]
      }
    },
    {
      "651": {
        "ind1": "\\",
        "ind2": "0",
        "subfields": [
          {
            "a": "United States"
          },
          {
            "x": "History"
          },
          {
            "y": "Revolution, 1775-1783"
          },
          {
            "x": "Regimental histories."
          }
        ]
      }
    },
    {
      "650": {
        "ind1": "\\",
        "ind2": "7",
        "subfields": [
          {
            "a": "Regimental histories."
          },
          {
            "2": "fast"
          },
          {
            "0": "(OCoLC)fst01354209"
          }
        ]
      }
    },
    {
      "650": {
        "ind1": "\\",
        "ind2": "7",
        "subfields": [
          {
            "a": "Flags."
          },
          {
            "2": "fast"
          },
          {
            "0": "(OCoLC)fst00926942"
          }
        ]
      }
    },
    {
      "651": {
        "ind1": "\\",
        "ind2": "7",
        "subfields": [
          {
            "a": "France."
          },
          {
            "2": "fast"
          },
          {
            "0": "(OCoLC)fst01204289"
          }
        ]
      }
    },
    {
      "651": {
        "ind1": "\\",
        "ind2": "7",
        "subfields": [
          {
            "a": "United States."
          },
          {
            "2": "fast"
          },
          {
            "0": "(OCoLC)fst01204155"
          }
        ]
      }
    },
    {
      "647": {
        "ind1": "\\",
        "ind2": "7",
        "subfields": [
          {
            "a": "American Revolution"
          },
          {
            "c": "(United States :"
          },
          {
            "d": "1775-1783)"
          },
          {
            "2": "fast"
          },
          {
            "0": "(OCoLC)fst01351668"
          }
        ]
      }
    },
    {
      "648": {
        "ind1": "\\",
        "ind2": "7",
        "subfields": [
          {
            "a": "1775-1783"
          },
          {
            "2": "fast"
          }
        ]
      }
    },
    {
      "655": {
        "ind1": "\\",
        "ind2": "7",
        "subfields": [
          {
            "a": "History."
          },
          {
            "2": "fast"
          },
          {
            "0": "(OCoLC)fst01411628"
          }
        ]
      }
    },
    {
      "710": {
        "ind1": "2",
        "ind2": "\\",
        "subfields": [
          {
            "a": "Sons of the Revolution."
          },
          {
            "b": "Pennsylvania Society."
          }
        ]
      }
    },
    {
      "776": {
        "ind1": "0",
        "ind2": "8",
        "subfields": [
          {
            "i": "Online version:"
          },
          {
            "a": "Schermerhorn, Frank Earle, b. 1870."
          },
          {
            "t": "American and French flags of the Revolution, 1775-1783."
          },
          {
            "d": "Philadelphia, Pennsylvania Society of Sons of the Revolution, 1948"
          },
          {
            "w": "(OCoLC)654626488"
          }
        ]
      }
    },
    {
      "994": {
        "ind1": "\\",
        "ind2": "\\",
        "subfields": [
          {
            "a": "Z0"
          },
          {
            "b": "NYRVC"
          }
        ]
      }
    },
    {
      "948": {
        "ind1": "\\",
        "ind2": "\\",
        "subfields": [
          {
            "h": "NO HOLDINGS IN NYRVC - 161 OTHER HOLDINGS"
          }
        ]
      }
    },
    {
      "999": {
        "ind1": "\\",
        "ind2": "\\",
        "subfields": [
          {
            "a": "00000000018239"
          }
        ]
      }
    }
  ]
}